
@article{eriksson2010emotional,
  title={Emotional reactions to losing explain gender differences in entering a risky lottery},
  author={Eriksson, K. and Simpson, B.},
  journal={Judgment and Decision Making},
  volume={5},
  number={3},
  pages={159--163},
  year={2010},
  publisher={Citeseer}
}

@article{Henrich2010,
  title={The weirdest people in the world?},
  author={Henrich, J. and Heine, S.J. and Norenzayan, A.},
  journal={Behavioral and Brain Sciences},
  volume={33},
  number={2-3},
  pages={61--83},
  year={2010}
}


@article{sprouse2011validation,
  title={A validation of Amazon Mechanical Turk for the collection of acceptability judgments in linguistic theory},
  author={Sprouse, J.},
  journal={Behavior Research Methods},
  volume={43},
  number={1},
  pages={155--167},
  year={2011},
  publisher={Springer}
}

@article{Paolacci2010,
  title={Running experiments on amazon mechanical turk},
  author={Paolacci, G. and Chandler, J. and Ipeirotis, P.G.},
  journal={Judgment and Decision Making},
  volume={5},
  number={5},
  pages={411--419},
  year={2010},
  publisher={Society for Judgment and Decision Making}
}

@article{Gneezy2006,
     title = "{Putting Behavioral Economics to Work: Testing for Gift Exchange in Labor Markets Using Field Experiments}",
     author = {Gneezy, Uri and List, John A.},
     journal = {Econometrica},
     volume = {74},
     number = {5},
     pages = {1365--1384},
     year = {2006},
     publisher = {The Econometric Society},    
}

@article{best2001assessment,
  title={An assessment of the generalizability of Internet surveys},
  author={Best, S.J. and Krueger, B. and Hubbard, C. and Smith, A.},
  journal={Social Science Computer Review},
  volume={19},
  number={2},
  pages={131--145},
  year={2001},
  publisher={Sage Publications}
}

@book{tourangeau2000psychology,
  title={The psychology of survey response},
  author={Tourangeau, R. and Rips, L.J. and Rasinski, K.A.},
  year={2000},
  publisher={Cambridge Univ Pr}
}

@article{Levitt2007,
	author = "Steven D. Levitt and John A. List",
	year = "2007",
	title = "{What Do Laboratory Experiments Measuring Social Preferences Reveal About the Real World?}",
	journal = "Journal of Economic Perspectives",
	volume = "21",
	number = "2",
	pages = "153--174"
}

@inproceedings{Kapelner2010,
  title="{Preventing Satisficing in Online Surveys: A "Kapcha" to Ensure Higher Quality Data}",
  author={Kapelner, A. and Chandler, D.},
  booktitle={CrowdConf 2010},
  year={2010}
}

@article{Chandler2013,
  title={Breaking monotony with meaning: Motivation in crowdsourcing markets},
  author={Chandler, Dana and Kapelner, Adam},
  journal={Journal of Economic Behavior \& Organization},
  volume={90},
  pages={123--133},
  year={2013}
}

@article{Levitt2009,
  title={Field experiments in economics: the past, the present, and the future},
  author={Levitt, S.D. and List, J.A.},
  journal={European Economic Review},
  volume={53},
  number={1},
  pages={1--18},
  year={2009},
  publisher={Elsevier}
}

@article{amir2012economic,
  title={Economic Games on the Internet: The Effect of $1 Stakes},
  author={Amir, O. and Rand, D.G. and others},
  journal={PloS one},
  volume={7},
  number={2},
  pages={e31461},
  year={2012},
  publisher={Public Library of Science}
}

@article{Horton2010,
  title={The Online Laboratory: Conducting Experiments in a Real Labor Market},
  author={Horton, John J. and Rand, David G. and Zeckhauser, Richard  J. },
  journal={Experimental Economics},
  year={2011},
  volume = "14",
  pages = "399-425"
}


@article{Horton2010b,
	author = "Horton, John J. and Chilton, Lydia",
	year = "2010",
	title = "{The Labor Economics of Paid Crowdsourcing}",
	journal = "Proceedings of the ACM Conference on Electronic Commerce, Forthcoming",
	volume = "",
	number = "",
	pages = ""
} 


@article{Chilton2009,
	author = "Chilton, Lydia B. and Sims, Clayton T. and Goldman, Max and Little, Greg and Miller Robert C.",
	year = "2009",
	title = "{Seaweed: A Web Application for Designing Economic Games}",
	journal = "International Conference on Knowledge Discovery and Data Mining Proceedings of the ACM SIGKDD Workshop on Human Computation"
}

@article{Harrison2004,
	author = "Harrison, Glenn W.  and List, John A. ",
	year = "2004",
	title = "{Field Experiments}",
	journal = "Journal of Economic Literature",
	volume = "42",
	number = "4",
	pages = "1009 -- 1055"

}

@TechReport{panos_demographics_2010,
  author={Panos Ipeirotis},
  title="{Demographics of Mechanical Turk}",
  year=2010,
  month=Mar,
  institution={New York University, Stern School of Business.},
  type="{CeDER working paper CeDER-10-01}"
}
@comment{url="http://hdl.handle.net/2451/29585"}

@article{Buhrmester2011,
  title={Amazon's Mechanical Turk A New Source of Inexpensive, Yet High-Quality, Data?},
  author={Buhrmester, M. and Kwang, T. and Gosling, S.D.},
  journal={Perspectives on Psychological Science},
  volume={6},
  number={1},
  pages={3--5},
  year={2011},
  publisher={Sage Publications}
}

@inproceedings{Snow2008,
	author = "Snow, R. and O’Connor, B. and Jurafsky, D, and Ng, A. Y.",
	title = "Cheap and fast—but is it Good?: Evaluating Non-expert Annotations for Natural Language Tasks",
	booktitle = "EMNLP ’08: Proceedings of the Conference on Empirical Methods in Natural Language Processing",
	year = "2008",
	pages = "254-–263",
	location = "Morristown, NJ, USA",
	publisher = "Association for Computational Linguistics"
}

@inproceedings{Sheng2008,
	author = {Sheng, Victor S. and Provost, Foster and Ipeirotis, Panagiotis G.},
	title = "{Get Another Label? Improving Data Quality and Data Mining Using Multiple, Noisy Labelers}",
	booktitle = {KDD '08: Proceeding of the 14th ACM SIGKDD international conference on Knowledge discovery and data mining},
	year = {2008},
	isbn = {978-1-60558-193-4},
	pages = {614--622},
	location = {Las Vegas, Nevada, USA},
	doi = {http://doi.acm.org/10.1145/1401890.1401965},
	publisher = {ACM},
	address = {New York, NY, USA},
 }


@article{Chen_online_2006,
	author = {Yan Chen and Xin Li and Jeffrey K. MacKie-Mason},
	title = "{Online Fund-Raising Mechanisms: A Field Experiment}",
	journal = {Contributions to Economic Analysis \& Policy},
	volume = {5},
	number = {2},
	year = {2001}
}

@article{Berinsky2012,
	author = {Berinsky, Adam J and Huber, Gregory A and Lenz, Gabriel S},
	journal = {Political Analysis},
	pages = {351--368},
	title = {Evaluating Online Labor Markets for Experimental Research: Amazon.com's Mechanical Turk},
	volume = {20},
	year = {2012}
}
