@article{Foschi2000,
author = {Foschi, Martha},
journal = {Annual Review of Sociology},
pages = {21--42},
title = {{Double Standards for Competence: Theory and Research}},
volume = {26},
year = {2000}
}
@article{Fulton2012,
author = {Fulton, Sarah A},
journal = {Political Research Quarterly},
number = {2},
pages = {303--314},
title = {{Running Backwards and in High Heels: The Gendered Quality Gap and Incumbent Electoral Success}},
volume = {65},
year = {2012}
}
@article{Gorman2005,
author = {Gorman, E. H.},
journal = {American Sociological Review},
number = {4},
pages = {702--728},
title = {{Gender Stereotypes, Same-Gender Preferences, and Organizational Variation in the Hiring of Women: Evidence from Law Firms}},
volume = {70},
year = {2005}
}
@article{Haswell1996,
author = {Haswell, Richard H. and Haswell, Janis Tedesco},
journal = {Assessing Writing},
number = {1},
pages = {31--83},
title = {{Gender Bias and Critique of Student Writing}},
volume = {3},
year = {1996}
}
@article{Johnston2014,
author = {Johnston, Jos\'{e}e and Rodney, Alexandra and Chong, Phillipa},
journal = {Poetics},
pages = {1--22},
title = {{Making change in the kitchen? A study of celebrity cookbooks, culinary personas, and inequality}},
volume = {47},
year = {2014}
}
@article{Leemans1992,
author = {Leemans, H and Stokmans, M.J.W.},
journal = {Journal of Cultural Economics},
number = {2},
pages = {25--50},
title = {{A descriptive model of the decision making process of buyers of books}},
volume = {16},
year = {1992}
}
@article{Lena2014,
author = {Lena, Jennifer C. and Lindemann, Danielle J.},
journal = {Poetics},
pages = {70--85},
title = {{Who is an artist? New data for an old question}},
volume = {43},
year = {2014}
}
@article{Lloyd1990,
author = {Lloyd, M E},
journal = {Journal of applied behavior analysis},
number = {4},
pages = {539--543},
title = {{Gender factors in reviewer recommendations for manuscript publication.}},
volume = {23},
year = {1990}
}
@article{Paludi1983,
author = {Paludi, Michele a and Bauer, William D},
journal = {Sex Roles},
number = {3},
pages = {387--390},
title = {{Goldberg Revisited : What's in an Author's Name}},
volume = {9},
year = {1983}
}
@article{Top1991,
author = {Top, Titia J.},
journal = {Sex Roles},
number = {1/2},
pages = {73--106},
title = {{Sex bias in the evaluation of performance in the scientific, artistic, and literary professions: A review}},
volume = {24},
year = {1991}
}
@article{Tregenza2002,
author = {Tregenza, Tom},
journal = {Trends in Ecology and Evolution},
number = {8},
pages = {349--350},
title = {{Gender bias in the refereeing process?}},
volume = {17},
year = {2002}
}
@article{Uscinski2011,
author = {Uscinski, J. E. and Goren, L. J.},
journal = {Political Research Quarterly},
number = {4},
pages = {884--896},
title = {{What's in a Name? Coverage of Senator Hillary Clinton during the 2008 Democratic Primary}},
volume = {64},
year = {2011}
}
@article{VandenBrink2012,
author = {van den Brink, M. and Benschop, Y.},
journal = {Organization},
number = {4},
pages = {507--524},
title = {{Gender practices in the construction of academic excellence: Sheep with five legs}},
volume = {19},
year = {2012}
}
@article{VanDijk2014,
author = {van Dijk, Yra},
journal = {Poetics},
pages = {86--101},
title = {{Amateurs online: Creativity in a community}},
volume = {43},
year = {2014}
}
@article{Yampbell2005,
author = {Yampbell, Cat},
journal = {The Lion and the Unicorn},
number = {3},
pages = {348--372},
title = {{Judging a Book by Its Cover: Publishing Trends in Young Adult Literature}},
volume = {29},
year = {2005}
}
@article{Ridgeway1997,
author = {Ridgeway, Cecilia L.},
journal = {American Sociological Review},
number = {2},
pages = {218--235},
title = {{Interaction and the Conservation of Gender Inequality: Considering Employment}},
volume = {62},
year = {1997}
}
@article{Alexander1993,
author = {Alexander, D. and Andersen, K.},
journal = {Political Research Quarterly},
number = {3},
pages = {527--545},
title = {{Gender as a Factor in the Attribution of Leadership Traits}},
volume = {46},
year = {1993}
}
@article{Alexander2014,
author = {Alexander, Victoria D. and Bowler, Anne E.},
journal = {Poetics},
pages = {1--19},
title = {{Art at the crossroads: The arts in society and the sociology of art}},
volume = {43},
year = {2014}
}
@article{Barnes2015,
author = {Barnes, Jennifer L.},
journal = {Poetics},
pages = {69--82},
title = {{Fanfiction as imaginary play: What fan-written stories can tell us about the cognitive science of fiction}},
volume = {48},
year = {2015}
}
@misc{Bobbit-Zeher2011,
author = {Bobbitt-Zeher, D.},
booktitle = {Gender \& Society},
number = {6},
pages = {764--786},
title = {{Gender Discrimination at Work: Connecting Gender Stereotypes, Institutional Policies, and Gender Composition of Workplace}},
volume = {25},
year = {2011}
}
@article{Borsuk2009,
author = {Borsuk, Robyn M. and Aarssen, Lonnie W. and Budden, Amber E. and Koricheva, Julia and Leimu, Roosa and Tregenza, Tom and Lortie, Christopher J.},
journal = {BioScience},
number = {11},
pages = {985--989},
title = {{To Name or Not to Name: The Effect of Changing Author Gender on Peer Review}},
volume = {59},
year = {2009}
}
@article{Bortolussi2010,
author = {Bortolussi, Marisa and Dixon, Peter and Sopc\'{a}k, Paul},
journal = {Poetics},
number = {3},
pages = {299--318},
title = {{Gender and reading}},
volume = {38},
year = {2010}
}
@article{Cheng2011,
author = {Cheng, Na and Chandramouli, R. and Subbalakshmi, K. P.},
journal = {Digital Investigation},
number = {1},
pages = {78--88},
title = {{Author gender identification from text}},
volume = {8},
year = {2011}
}
@article{Dixon2015,
author = {Dixon, Peter and Bortolussi, Marisa and Sopc\'{a}k, Paul},
journal = {Poetics},
pages = {42--54},
title = {{Extratextual effects on the evaluation of narrative texts}},
volume = {48},
year = {2015}
}
@article{Foschi1996,
author = {Foschi, Martha},
journal = {Social Psychology Quarterly},
number = {3},
pages = {237--254},
title = {{Double Standards in the Evaluation of Men and Women}},
volume = {59},
year = {1996}
}

